<record><leader>00000cas a2200000 a 4500</leader><controlfield tag="001">23807430</controlfield><controlfield tag="008">910520d18uu1891iluwr ne      0   a0eng c</controlfield><datafield ind1=" " ind2=" " tag="010"><subfield code="a">sn 91054065 </subfield></datafield><datafield ind1=" " ind2=" " tag="040"><subfield code="a">NVF</subfield><subfield code="b">eng</subfield><subfield code="c">NVF</subfield><subfield code="d">OCL</subfield><subfield code="d">NVF</subfield><subfield code="d">OCLCQ</subfield><subfield code="d">NVF</subfield><subfield code="d">OCLCQ</subfield><subfield code="d">OCLCO</subfield><subfield code="d">OCLCF</subfield></datafield><datafield ind1=" " ind2=" " tag="042"><subfield code="a">pcc</subfield></datafield><datafield ind1=" " ind2=" " tag="043"><subfield code="a">n-us-il</subfield></datafield><datafield ind1="0" ind2=" " tag="130"><subfield code="a">Local reporter (Bridgeport, Lawrence County, Ill.)</subfield></datafield><datafield ind1="1" ind2="4" tag="245"><subfield code="a">The local reporter.</subfield></datafield><datafield ind1=" " ind2=" " tag="260"><subfield code="a">Bridgeport, Lawrence County, Ill. :</subfield><subfield code="b">W.A. Hunt</subfield></datafield><datafield ind1=" " ind2=" " tag="300"><subfield code="a">volumes</subfield></datafield><datafield ind1=" " ind2=" " tag="310"><subfield code="a">Weekly</subfield></datafield><datafield ind1=" " ind2=" " tag="336"><subfield code="a">text</subfield><subfield code="b">txt</subfield><subfield code="2">rdacontent</subfield></datafield><datafield ind1=" " ind2=" " tag="337"><subfield code="a">unmediated</subfield><subfield code="b">n</subfield><subfield code="2">rdamedia</subfield></datafield><datafield ind1=" " ind2=" " tag="338"><subfield code="a">volume</subfield><subfield code="b">nc</subfield><subfield code="2">rdacarrier</subfield></datafield><datafield ind1="0" ind2=" " tag="362"><subfield code="a">-[Aug. 28?, 1891].</subfield></datafield><datafield ind1=" " ind2=" " tag="515"><subfield code="a">Last issue undesignated.</subfield></datafield><datafield ind1=" " ind2=" " tag="588"><subfield code="a">Description based on: Aug. 28?, 1891.</subfield></datafield><datafield ind1=" " ind2="0" tag="651"><subfield code="a">Bridgeport (Lawrence County, Ill.)</subfield><subfield code="v">Newspapers.</subfield></datafield><datafield ind1=" " ind2="7" tag="655"><subfield code="a">Newspapers.</subfield><subfield code="2">fast</subfield><subfield code="0">(OCoLC)fst01423814</subfield></datafield><datafield ind1=" " ind2="7" tag="651"><subfield code="a">Illinois</subfield><subfield code="z">Bridgeport (Lawrence County)</subfield><subfield code="2">fast</subfield><subfield code="0">(OCoLC)fst01885485</subfield></datafield><datafield ind1=" " ind2=" " tag="752"><subfield code="a">United States</subfield><subfield code="b">Illinois</subfield><subfield code="c">Lawrence</subfield><subfield code="d">Bridgeport.</subfield></datafield><datafield ind1="0" ind2="0" tag="785"><subfield code="t">Sumner Democrat</subfield><subfield code="w">(DLC)sn 91054061</subfield><subfield code="w">(OCoLC)23806275</subfield></datafield></record>